2514 4088
259 954 305 1039 P.
347 951 611 1035 VERGILI
661 951 888 1035 MARON
895 951 952 1036 IS

460 1140 663 1246 ucnooa
702 1141 754 1208 rv

214 1431 359 1494 Sicelides
376 1433 492 1504 Musae,
508 1431 598 1509 paulo
613 1431 726 1493 maiora
740 1450 892 1493 canamus.
960 1469 962 1473 .

214 1533 286 1594 Non
300 1548 406 1592 omnes
417 1530 539 1591 arbusta
553 1529 656 1590 iuvant
670 1529 858 1608 humilesque
872 1529 1019 1611 myricae3

214 1629 239 1692 si
252 1629 390 1691 canimus
404 1627 503 1702 siluas,
520 1628 613 1690 siluae
628 1627 687 1689 sint
701 1631 825 1691 consule
839 1617 956 1708 dignae.

274 1814 390 1890 Ultima
404 1818 532 1892 Cumaei
546 1826 630 1894 uenit
645 1828 705 1887 iarn
719 1825 859 1888 carminis
874 1838 974 1905 aetas;

81 1936 104 2005 „33
154 1945 169 2006 5
214 1945 340 2005 magnus
354 1925 393 1986 ab
408 1925 524 2003 integro
539 1925 706 1986 saeclorum
720 1923 852 1985 nascitur
865 1926 950 1988 ordo.

214 2027 281 2087 Iam
295 2024 373 2086 redit
386 2035 416 2086 et
431 2023 523 2102 uirgo,
539 2009 666 2086 redeunt
680 2019 818 2085 Saturnia
831 2042 942 2102 regna3

213 2122 273 2184 iam
288 2141 369 2184 noua
383 2121 540 2202 progenies
554 2123 639 2183 caelo
653 2120 820 2184 demittitur
833 2123 913 2195 alto:
935 2150 949 2167 ··

212 2224 261 2282 Tu
277 2222 370 2282 modo
384 2219 520 2282 nascenti
534 2239 636 2298 puero,
652 2238 714 2301 quo
728 2220 822 2281 ferrea
835 2220 966 2298 primum

214 2319 332 2383 desinet
345 2337 382 2380 ac
396 2328 461 2379 toto
475 2328 576 2396 surget
582 2314 662 2397 ”gens
675 2337 765 2380 aurea
779 2321 903 2394 mundo,
1021 2324 1026 2333 '

157 2439 193 2479 10
213 2428 296 2478 casta
310 2418 378 2478 saue
393 2415 529 2477 Lucina:
548 2427 622 2477 tuus
631 2416 692 2477 iarn
706 2412 809 2495 reg'nat
824 2418 948 2494 Apollo:
964 2406 969 2411 ’

213 2518 320 2593 Teque
333 2515 412 2576 adeo
426 2515 519 2577 decus
534 2514 592 2575 hoc
606 2515 682 2590 aeui,
698 2511 728 2575 te
743 2516 868 2576 consule
881 2515 976 2592 inibit,

977 2380 1049 2427 ·“ν

215 2610 321 2686 Pollio,
337 2622 367 2672 et
381 2609 526 2689 incipient
541 2609 641 2689 magni
655 2611 817 2688 procedere
831 2631 950 2675 menses
960 2630 1005 2689 ς’»
1015 2623 1061 2687 ,ν

213 2721 244 2771 te
258 2711 345 2783 duce,
361 2707 460 2787 siqua
475 2718 599 2770 manent
612 2708 731 2781 sceleris
745 2708 871 2788 uestigia
885 2710 987 2787 nostri,

214 2801 302 2865 inrita
314 2798 590 2883 perpetua'soluent
604 2800 764 2865 formidine
776 2813 876 2866 terras.

157 2920 191 2981 15
216 2903 272 2963 Ille
286 2903 378 2964 deum
393 2901 486 2962 uitam
499 2897 627 2980 accipiet
641 2900 780 2980 diuisque
794 2901 910 2964 uidebit
957 2929 962 2945 ·

214 2999 376 3080 permixtos
391 3000 506 3074 heroas,
521 3011 551 3061 et
566 2999 631 3079 ipse
644 2998 796 3062 uidebitur
809 2999 875 3075 illis,

214 3109 416 3178 pacatumque
429 3108 510 3178 reget
525 3096 630 3179 patriis
640 3096 800 3160 uirtutibus
815 3099 928 3163 orbem.
948 3158 955 3173 ,
