<?xml version="1.0" encoding="UTF-8"?>
<!DOCTYPE html PUBLIC "-//W3C//DTD XHTML 1.0 Transitional//EN"
    "http://www.w3.org/TR/xhtml1/DTD/xhtml1-transitional.dtd">
<html xmlns="http://www.w3.org/1999/xhtml" xml:lang="en" lang="en">
 <head>
  <title>
</title>
<meta http-equiv="Content-Type" content="text/html;charset=utf-8" />
  <meta name='ocr-system' content='tesseract 3.04.00' />
  <meta name='ocr-capabilities' content='ocr_page ocr_carea ocr_par ocr_line ocrx_word'/>
</head>
<body>
  <div class='ocr_page' id='page_1' title='image "./virgilsmessiani01fowlgoog_0033.png"; bbox 0 0 2514 4088; ppageno 0'>
   <div class='ocr_carea' id='block_1_1' title="bbox 93 339 716 494">
    <p class='ocr_par' dir='ltr' id='par_1_1' title="bbox 93 339 716 494">
     <span class='ocr_line' id='line_1_1' title="bbox 93 339 716 494; baseline -0.002 -103.975"><span class='ocrx_word' id='word_1_1' title='bbox 108 370 111 377; x_wconf 92' lang='lat'>·</span> <span class='ocrx_word' id='word_1_2' title='bbox 93 414 185 494; x_wconf 47' lang='grc' dir='ltr'><strong>η</strong></span> <span class='ocrx_word' id='word_1_3' title='bbox 508 339 654 390; x_wconf 83' lang='lat' dir='ltr'>ECLOGA</span> <span class='ocrx_word' id='word_1_4' title='bbox 677 340 716 390; x_wconf 80' lang='lat' dir='ltr'><strong>tv</strong></span> 
     </span>
    </p>
   </div>
   <div class='ocr_carea' id='block_1_2' title="bbox 223 483 966 596">
    <p class='ocr_par' dir='ltr' id='par_1_2' title="bbox 223 483 966 596">
     <span class='ocr_line' id='line_1_2' title="bbox 223 483 966 596; baseline 0.001 -50"><span class='ocrx_word' id='word_1_5' title='bbox 223 483 318 560; x_wconf 89' lang='lat' dir='ltr'><strong>Hinc,</strong></span> <span class='ocrx_word' id='word_1_6' title='bbox 331 485 406 548; x_wconf 91' lang='lat' dir='ltr'><strong>ubi</strong></span> <span class='ocrx_word' id='word_1_7' title='bbox 398 506 458 548; x_wconf 84' lang='lat' dir='ltr'><strong>iam</strong></span> <span class='ocrx_word' id='word_1_8' title='bbox 473 485 633 596; x_wconf 81' lang='lat' dir='ltr'><strong>firmata</strong></span> <span class='ocrx_word' id='word_1_9' title='bbox 603 505 701 569; x_wconf 83' lang='lat' dir='ltr'><strong>uirum</strong></span> <span class='ocrx_word' id='word_1_10' title='bbox 715 496 745 548; x_wconf 93' lang='lat' dir='ltr'><strong>te</strong></span> <span class='ocrx_word' id='word_1_11' title='bbox 760 486 862 549; x_wconf 84' lang='lat' dir='ltr'><strong>fecerit</strong></span> <span class='ocrx_word' id='word_1_12' title='bbox 875 496 966 559; x_wconf 85' lang='lat' dir='ltr'><strong>aetas,</strong></span> 
     </span>
    </p>
   </div>
   <div class='ocr_carea' id='block_1_3' title="bbox 25 544 957 711">
    <p class='ocr_par' dir='ltr' id='par_1_3' title="bbox 1 544 957 711">
     <span class='ocr_line' id='line_1_3' title="bbox 25 544 957 711; baseline -0.007 -60.176"><span class='ocrx_word' id='word_1_13' title='bbox 25 544 161 685; x_wconf 47' lang='lat' dir='ltr'><strong>n}</strong></span> <span class='ocrx_word' id='word_1_14' title='bbox 154 585 310 711; x_wconf 22' lang='lat' dir='ltr'><strong>&amp;cedet</strong></span> <span class='ocrx_word' id='word_1_15' title='bbox 324 584 433 664; x_wconf 87' lang='lat' dir='ltr'><strong>etipse</strong></span> <span class='ocrx_word' id='word_1_16' title='bbox 447 585 520 646; x_wconf 91' lang='lat' dir='ltr'><strong>mari</strong></span> <span class='ocrx_word' id='word_1_17' title='bbox 535 568 648 661; x_wconf 87' lang='lat' dir='ltr'><strong>uector,</strong></span> <span class='ocrx_word' id='word_1_18' title='bbox 663 605 721 647; x_wconf 87' lang='lat' dir='ltr'><strong>nec</strong></span> <span class='ocrx_word' id='word_1_19' title='bbox 735 584 856 646; x_wconf 81' lang='lat' dir='ltr'><strong>nautica</strong></span> <span class='ocrx_word' id='word_1_20' title='bbox 869 583 957 663; x_wconf 89' lang='lat' dir='ltr'><strong>pinus</strong></span> 
     </span>
    </p>
   </div>
   <div class='ocr_carea' id='block_1_4' title="bbox 36 668 1016 1532">
    <p class='ocr_par' dir='ltr' id='par_1_4' title="bbox 45 668 930 744">
     <span class='ocr_line' id='line_1_4' title="bbox 45 668 930 744; baseline -0.002 0"><span class='ocrx_word' id='word_1_21' title='bbox 45 735 62 744; x_wconf 81' lang='grc'><strong>-</strong></span> <span class='ocrx_word' id='word_1_22' title='bbox 197 668 351 744; x_wconf 84' lang='lat' dir='ltr'><strong>mutabit</strong></span> <span class='ocrx_word' id='word_1_23' title='bbox 365 701 497 743; x_wconf 82' lang='lat' dir='ltr'>merces:</span> <span class='ocrx_word' id='word_1_24' title='bbox 518 682 617 743; x_wconf 91' lang='lat' dir='ltr'><strong>omnis</strong></span> <span class='ocrx_word' id='word_1_25' title='bbox 630 685 705 744; x_wconf 85' lang='lat' dir='ltr'><strong>feret</strong></span> <span class='ocrx_word' id='word_1_26' title='bbox 718 682 822 744; x_wconf 91' lang='lat' dir='ltr'><strong>omnia</strong></span> <span class='ocrx_word' id='word_1_27' title='bbox 835 684 930 743; x_wconf 92' lang='lat' dir='ltr'><strong>tellus.</strong></span> 
     </span>
    </p>

    <p class='ocr_par' dir='ltr' id='par_1_5' title="bbox 36 752 1016 1250">
     <span class='ocr_line' id='line_1_5' title="bbox 36 752 1016 859; baseline 0.001 -20"><span class='ocrx_word' id='word_1_28' title='bbox 36 752 50 786; x_wconf 46' lang='grc' dir='ltr'>ἰ</span> <span class='ocrx_word' id='word_1_29' title='bbox 162 799 202 854; x_wconf 85' lang='lat'><strong>40</strong></span> <span class='ocrx_word' id='word_1_30' title='bbox 223 781 296 841; x_wconf 89' lang='lat' dir='ltr'><strong>Non</strong></span> <span class='ocrx_word' id='word_1_31' title='bbox 310 791 419 842; x_wconf 90' lang='lat' dir='ltr'><strong>rastros</strong></span> <span class='ocrx_word' id='word_1_32' title='bbox 433 781 562 859; x_wconf 87' lang='lat' dir='ltr'><strong>patietur</strong></span> <span class='ocrx_word' id='word_1_33' title='bbox 576 782 695 854; x_wconf 88' lang='lat' dir='ltr'><strong>humus,</strong></span> <span class='ocrx_word' id='word_1_34' title='bbox 710 800 773 841; x_wconf 92' lang='lat' dir='ltr'><strong>non</strong></span> <span class='ocrx_word' id='word_1_35' title='bbox 787 779 877 842; x_wconf 90' lang='lat' dir='ltr'><strong>uinea</strong></span> <span class='ocrx_word' id='word_1_36' title='bbox 890 782 1016 854; x_wconf 80' lang='lat' dir='ltr'><strong>falcem3</strong></span> 
     </span>
     <span class='ocr_line' id='line_1_6' title="bbox 222 878 1002 959; baseline 0 -22"><span class='ocrx_word' id='word_1_37' title='bbox 222 878 363 940; x_wconf 90' lang='lat' dir='ltr'><strong>robustus</strong></span> <span class='ocrx_word' id='word_1_38' title='bbox 377 898 499 959; x_wconf 87' lang='lat' dir='ltr'><strong>quoque</strong></span> <span class='ocrx_word' id='word_1_39' title='bbox 513 878 572 940; x_wconf 88' lang='lat' dir='ltr'><strong>iam</strong></span> <span class='ocrx_word' id='word_1_40' title='bbox 587 879 679 940; x_wconf 89' lang='lat' dir='ltr'><strong>tauris</strong></span> <span class='ocrx_word' id='word_1_41' title='bbox 694 879 763 958; x_wconf 87' lang='lat' dir='ltr'><strong>iuga</strong></span> <span class='ocrx_word' id='word_1_42' title='bbox 776 880 873 940; x_wconf 93' lang='lat' dir='ltr'><strong>soluet</strong></span> <span class='ocrx_word' id='word_1_43' title='bbox 886 890 985 940; x_wconf 89' lang='lat' dir='ltr'><strong>arator</strong></span> <span class='ocrx_word' id='word_1_44' title='bbox 993 899 1002 954; x_wconf 80' lang='lat'>3</span> 
     </span>
     <span class='ocr_line' id='line_1_7' title="bbox 223 977 856 1052; baseline 0.002 -14"><span class='ocrx_word' id='word_1_45' title='bbox 223 997 280 1039; x_wconf 91' lang='lat' dir='ltr'><strong>nec</strong></span> <span class='ocrx_word' id='word_1_46' title='bbox 294 977 392 1040; x_wconf 89' lang='lat' dir='ltr'><strong>uarios</strong></span> <span class='ocrx_word' id='word_1_47' title='bbox 407 978 502 1039; x_wconf 87' lang='lat' dir='ltr'><strong>discet</strong></span> <span class='ocrx_word' id='word_1_48' title='bbox 516 978 635 1039; x_wconf 91' lang='lat' dir='ltr'><strong>mentiri</strong></span> <span class='ocrx_word' id='word_1_49' title='bbox 648 980 718 1040; x_wconf 86' lang='lat' dir='ltr'><strong>lana</strong></span> <span class='ocrx_word' id='word_1_50' title='bbox 731 981 856 1052; x_wconf 90' lang='lat' dir='ltr'><strong>colores,</strong></span> 
     </span>
     <span class='ocr_line' id='line_1_8' title="bbox 223 1075 913 1154; baseline 0.003 -19"><span class='ocrx_word' id='word_1_51' title='bbox 223 1075 288 1154; x_wconf 92' lang='lat' dir='ltr'><strong>ipse</strong></span> <span class='ocrx_word' id='word_1_52' title='bbox 302 1075 357 1137; x_wconf 91' lang='lat' dir='ltr'><strong>sed</strong></span> <span class='ocrx_word' id='word_1_53' title='bbox 371 1076 402 1136; x_wconf 93' lang='lat' dir='ltr'><strong>in</strong></span> <span class='ocrx_word' id='word_1_54' title='bbox 417 1076 508 1154; x_wconf 90' lang='lat' dir='ltr'><strong>pratis</strong></span> <span class='ocrx_word' id='word_1_55' title='bbox 522 1076 597 1137; x_wconf 87' lang='lat' dir='ltr'><strong>aries</strong></span> <span class='ocrx_word' id='word_1_56' title='bbox 612 1077 672 1137; x_wconf 90' lang='lat' dir='ltr'><strong>iam</strong></span> <span class='ocrx_word' id='word_1_57' title='bbox 687 1096 780 1137; x_wconf 91' lang='lat' dir='ltr'><strong>suane</strong></span> <span class='ocrx_word' id='word_1_58' title='bbox 794 1076 913 1138; x_wconf 90' lang='lat' dir='ltr'><strong>rubenti</strong></span> 
     </span>
     <span class='ocr_line' id='line_1_9' title="bbox 223 1172 907 1250; baseline 0.004 -17"><span class='ocrx_word' id='word_1_59' title='bbox 223 1172 345 1248; x_wconf 87' lang='lat' dir='ltr'><strong>murice,</strong></span> <span class='ocrx_word' id='word_1_60' title='bbox 360 1174 420 1236; x_wconf 92' lang='lat' dir='ltr'><strong>iam</strong></span> <span class='ocrx_word' id='word_1_61' title='bbox 434 1195 542 1236; x_wconf 87' lang='lat' dir='ltr'><strong>croceo</strong></span> <span class='ocrx_word' id='word_1_62' title='bbox 556 1174 685 1237; x_wconf 88' lang='lat' dir='ltr'><strong>mutabit</strong></span> <span class='ocrx_word' id='word_1_63' title='bbox 699 1176 810 1236; x_wconf 87' lang='lat' dir='ltr'><strong>uellera</strong></span> <span class='ocrx_word' id='word_1_64' title='bbox 823 1176 907 1250; x_wconf 80' lang='lat' dir='ltr'><strong>lut03</strong></span> 
     </span>
    </p>

    <p class='ocr_par' dir='ltr' id='par_1_6' title="bbox 164 1272 939 1532">
     <span class='ocr_line' id='line_1_10' title="bbox 164 1272 939 1352; baseline -0.001 -19"><span class='ocrx_word' id='word_1_65' title='bbox 164 1289 202 1350; x_wconf 85' lang='lat'><strong>45</strong></span> <span class='ocrx_word' id='word_1_66' title='bbox 224 1282 332 1351; x_wconf 90' lang='lat' dir='ltr'><strong>sponte</strong></span> <span class='ocrx_word' id='word_1_67' title='bbox 347 1292 401 1334; x_wconf 87' lang='lat' dir='ltr'><strong>sua</strong></span> <span class='ocrx_word' id='word_1_68' title='bbox 415 1276 529 1352; x_wconf 86' lang='lat' dir='ltr'>sandyx</span> <span class='ocrx_word' id='word_1_69' title='bbox 543 1284 700 1352; x_wconf 84' lang='lat' dir='ltr'><strong>pascentes</strong></span> <span class='ocrx_word' id='word_1_70' title='bbox 715 1272 823 1335; x_wconf 87' lang='lat' dir='ltr'><strong>uestiet</strong></span> <span class='ocrx_word' id='word_1_71' title='bbox 836 1292 939 1351; x_wconf 84' lang='lat' dir='ltr'><strong>agnos.</strong></span> 
     </span>
     <span class='ocr_line' id='line_1_11' title="bbox 227 1371 927 1460; baseline 0.001 -29"><span class='ocrx_word' id='word_1_72' title='bbox 227 1371 329 1432; x_wconf 85' lang='lat' dir='ltr'><strong>‘Talia</strong></span> <span class='ocrx_word' id='word_1_73' title='bbox 343 1371 456 1460; x_wconf 83' lang='lat' dir='ltr'><strong>saecla&#39;</strong></span> <span class='ocrx_word' id='word_1_74' title='bbox 471 1373 532 1433; x_wconf 92' lang='lat' dir='ltr'><strong>suis</strong></span> <span class='ocrx_word' id='word_1_75' title='bbox 547 1371 685 1434; x_wconf 88' lang='lat' dir='ltr'><strong>dixerunt</strong></span> <span class='ocrx_word' id='word_1_76' title='bbox 701 1371 841 1433; x_wconf 87' lang='lat' dir='ltr'><strong>‘currite&#39;</strong></span> <span class='ocrx_word' id='word_1_77' title='bbox 854 1371 927 1432; x_wconf 84' lang='lat' dir='ltr'><strong>fusis</strong></span> 
     </span>
     <span class='ocr_line' id='line_1_12' title="bbox 225 1470 920 1532; baseline 0.001 -3"><span class='ocrx_word' id='word_1_78' title='bbox 225 1471 391 1531; x_wconf 86' lang='lat' dir='ltr'>concordes</span> <span class='ocrx_word' id='word_1_79' title='bbox 405 1470 505 1532; x_wconf 91' lang='lat' dir='ltr'><strong>stabili</strong></span> <span class='ocrx_word' id='word_1_80' title='bbox 519 1472 647 1532; x_wconf 86' lang='lat' dir='ltr'><strong>fatorum</strong></span> <span class='ocrx_word' id='word_1_81' title='bbox 663 1471 787 1532; x_wconf 87' lang='lat' dir='ltr'><strong>numine</strong></span> <span class='ocrx_word' id='word_1_82' title='bbox 802 1473 920 1532; x_wconf 88' lang='lat' dir='ltr'><strong>Parcae.</strong></span> 
     </span>
    </p>
   </div>
   <div class='ocr_carea' id='block_1_5' title="bbox 166 2124 1073 3474">
    <p class='ocr_par' dir='ltr' id='par_1_7' title="bbox 166 2124 1059 2404">
     <span class='ocr_line' id='line_1_13' title="bbox 227 2124 1059 2205; baseline -0.004 -19"><span class='ocrx_word' id='word_1_83' title='bbox 227 2125 397 2205; x_wconf 84' lang='lat' dir='ltr'><strong>Aggrodere</strong></span> <span class='ocrx_word' id='word_1_84' title='bbox 411 2146 431 2187; x_wconf 94' lang='lat' dir='ltr'><strong>o</strong></span> <span class='ocrx_word' id='word_1_85' title='bbox 446 2145 578 2204; x_wconf 86' lang='lat' dir='ltr'><strong>magnos,</strong></span> <span class='ocrx_word' id='word_1_86' title='bbox 594 2124 690 2186; x_wconf 85' lang='lat' dir='ltr'><strong>aderit</strong></span> <span class='ocrx_word' id='word_1_87' title='bbox 703 2124 762 2186; x_wconf 89' lang='lat' dir='ltr'><strong>iam</strong></span> <span class='ocrx_word' id='word_1_88' title='bbox 777 2135 905 2204; x_wconf 88' lang='lat' dir='ltr'><strong>tempus,</strong></span> <span class='ocrx_word' id='word_1_89' title='bbox 920 2125 1059 2198; x_wconf 89' lang='lat' dir='ltr'><strong>honores,</strong></span> 
     </span>
     <span class='ocr_line' id='line_1_14' title="bbox 175 2222 1044 2303; baseline -0.003 -18"><span class='ocrx_word' id='word_1_90' title='bbox 175 2222 213 2293; x_wconf 63' lang='lat'><strong>²,</strong></span> <span class='ocrx_word' id='word_1_91' title='bbox 226 2244 295 2285; x_wconf 91' lang='lat' dir='ltr'><strong>cara</strong></span> <span class='ocrx_word' id='word_1_92' title='bbox 308 2226 400 2286; x_wconf 88' lang='lat' dir='ltr'><strong>deum</strong></span> <span class='ocrx_word' id='word_1_93' title='bbox 415 2226 545 2298; x_wconf 85' lang='lat' dir='ltr'><strong>suboles,</strong></span> <span class='ocrx_word' id='word_1_94' title='bbox 563 2244 704 2303; x_wconf 84' lang='lat' dir='ltr'><strong>magnum</strong></span> <span class='ocrx_word' id='word_1_95' title='bbox 720 2225 804 2285; x_wconf 91' lang='lat' dir='ltr'><strong>Iouis</strong></span> <span class='ocrx_word' id='word_1_96' title='bbox 817 2223 1044 2285; x_wconf 86' lang='lat' dir='ltr'><strong>incrementum.</strong></span> 
     </span>
     <span class='ocr_line' id='line_1_15' title="bbox 166 2325 977 2404; baseline 0 -19"><span class='ocrx_word' id='word_1_97' title='bbox 166 2343 205 2404; x_wconf 85' lang='lat'><strong>50</strong></span> <span class='ocrx_word' id='word_1_98' title='bbox 226 2325 338 2403; x_wconf 89' lang='lat' dir='ltr'><strong>Aspice</strong></span> <span class='ocrx_word' id='word_1_99' title='bbox 351 2344 489 2386; x_wconf 86' lang='lat' dir='ltr'><strong>connexo</strong></span> <span class='ocrx_word' id='word_1_100' title='bbox 503 2336 659 2386; x_wconf 89' lang='lat' dir='ltr'><strong>nutantem</strong></span> <span class='ocrx_word' id='word_1_101' title='bbox 673 2327 808 2402; x_wconf 87' lang='lat' dir='ltr'><strong>pondere</strong></span> <span class='ocrx_word' id='word_1_102' title='bbox 822 2326 977 2398; x_wconf 91' lang='lat' dir='ltr'><strong>mundum,</strong></span> 
     </span>
    </p>

    <p class='ocr_par' dir='ltr' id='par_1_8' title="bbox 227 2422 1030 2501">
     <span class='ocr_line' id='line_1_16' title="bbox 227 2422 1030 2501; baseline -0.002 -17"><span class='ocrx_word' id='word_1_103' title='bbox 227 2433 379 2501; x_wconf 85' lang='lat' dir='ltr'><strong>terrasque</strong></span> <span class='ocrx_word' id='word_1_104' title='bbox 419 2434 590 2501; x_wconf 89' lang='lat' dir='ltr'><strong>tractusque</strong></span> <span class='ocrx_word' id='word_1_105' title='bbox 629 2422 717 2483; x_wconf 92' lang='lat' dir='ltr'><strong>maris</strong></span> <span class='ocrx_word' id='word_1_106' title='bbox 754 2424 932 2501; x_wconf 88' lang='lat' dir='ltr'><strong>caelumque</strong></span> <span class='ocrx_word' id='word_1_107' title='bbox 952 2441 1030 2500; x_wconf 83' lang='lat' dir='ltr'><strong>-pro</strong></span> 
     </span>
    </p>

    <p class='ocr_par' dir='ltr' id='par_1_9' title="bbox 288 2522 435 2596">
     <span class='ocr_line' id='line_1_17' title="bbox 288 2522 435 2596; baseline 0.014 -16"><span class='ocrx_word' id='word_1_108' title='bbox 288 2522 435 2596; x_wconf 81' lang='lat' dir='ltr'><strong>lundum3</strong></span> 
     </span>
    </p>

    <p class='ocr_par' dir='ltr' id='par_1_10' title="bbox 227 2618 927 2704">
     <span class='ocr_line' id='line_1_18' title="bbox 227 2618 927 2704; baseline -0.004 -23"><span class='ocrx_word' id='word_1_109' title='bbox 227 2619 337 2698; x_wconf 86' lang='lat' dir='ltr'><strong>aspice,</strong></span> <span class='ocrx_word' id='word_1_110' title='bbox 353 2629 480 2704; x_wconf 84' lang='lat' dir='ltr'><strong>uenturo</strong></span> <span class='ocrx_word' id='word_1_111' title='bbox 494 2620 642 2679; x_wconf 90' lang='lat' dir='ltr'><strong>laetantur</strong></span> <span class='ocrx_word' id='word_1_112' title='bbox 655 2629 689 2678; x_wconf 93' lang='lat' dir='ltr'><strong>ut</strong></span> <span class='ocrx_word' id='word_1_113' title='bbox 703 2618 805 2679; x_wconf 91' lang='lat' dir='ltr'><strong>omnia</strong></span> <span class='ocrx_word' id='word_1_114' title='bbox 819 2621 927 2680; x_wconf 86' lang='lat' dir='ltr'><strong>saeclo.</strong></span> 
     </span>
    </p>

    <p class='ocr_par' dir='ltr' id='par_1_11' title="bbox 229 2716 973 2796">
     <span class='ocr_line' id='line_1_19' title="bbox 229 2716 973 2796; baseline -0.003 -17"><span class='ocrx_word' id='word_1_115' title='bbox 229 2720 257 2781; x_wconf 94' lang='grc' dir='ltr'>Ο</span> <span class='ocrx_word' id='word_1_116' title='bbox 273 2717 347 2778; x_wconf 90' lang='lat' dir='ltr'><strong>mihi</strong></span> <span class='ocrx_word' id='word_1_117' title='bbox 361 2728 422 2778; x_wconf 87' lang='lat' dir='ltr'><strong>tam</strong></span> <span class='ocrx_word' id='word_1_118' title='bbox 436 2719 544 2796; x_wconf 83' lang='lat' dir='ltr'><strong>longae</strong></span> <span class='ocrx_word' id='word_1_119' title='bbox 560 2728 679 2778; x_wconf 88' lang='lat' dir='ltr'><strong>maneat</strong></span> <span class='ocrx_word' id='word_1_120' title='bbox 692 2737 760 2795; x_wconf 87' lang='lat' dir='ltr'><strong>pars</strong></span> <span class='ocrx_word' id='word_1_121' title='bbox 774 2717 879 2778; x_wconf 88' lang='lat' dir='ltr'><strong>ultima</strong></span> <span class='ocrx_word' id='word_1_122' title='bbox 892 2716 973 2778; x_wconf 91' lang='lat' dir='ltr'><strong>uitae</strong></span> 
     </span>
    </p>

    <p class='ocr_par' dir='ltr' id='par_1_12' title="bbox 228 2815 972 2895">
     <span class='ocr_line' id='line_1_20' title="bbox 228 2815 972 2895; baseline -0.001 -18"><span class='ocrx_word' id='word_1_123' title='bbox 228 2816 348 2895; x_wconf 85' lang='lat' dir='ltr'><strong>spiritus</strong></span> <span class='ocrx_word' id='word_1_124' title='bbox 363 2827 402 2891; x_wconf 87' lang='lat' dir='ltr'><strong>et,</strong></span> <span class='ocrx_word' id='word_1_125' title='bbox 417 2827 564 2894; x_wconf 85' lang='lat' dir='ltr'><strong>quantum</strong></span> <span class='ocrx_word' id='word_1_126' title='bbox 579 2827 624 2877; x_wconf 90' lang='lat' dir='ltr'><strong>sat</strong></span> <span class='ocrx_word' id='word_1_127' title='bbox 638 2815 693 2877; x_wconf 88' lang='lat' dir='ltr'><strong>erit</strong></span> <span class='ocrx_word' id='word_1_128' title='bbox 707 2826 758 2876; x_wconf 87' lang='lat' dir='ltr'><strong>tua</strong></span> <span class='ocrx_word' id='word_1_129' title='bbox 772 2815 871 2877; x_wconf 88' lang='lat' dir='ltr'><strong>dicere</strong></span> <span class='ocrx_word' id='word_1_130' title='bbox 885 2817 972 2889; x_wconf 85' lang='lat' dir='ltr'><strong>lacta,</strong></span> 
     </span>
    </p>

    <p class='ocr_par' dir='ltr' id='par_1_13' title="bbox 169 2907 1073 3185">
     <span class='ocr_line' id='line_1_21' title="bbox 169 2907 1070 2992; baseline -0.002 -18"><span class='ocrx_word' id='word_1_131' title='bbox 169 2933 184 2992; x_wconf 85' lang='lat'>5</span> <span class='ocrx_word' id='word_1_132' title='bbox 190 2931 205 2992; x_wconf 79' lang='lat'>5</span> <span class='ocrx_word' id='word_1_133' title='bbox 228 2935 290 2975; x_wconf 92' lang='lat' dir='ltr'><strong>non</strong></span> <span class='ocrx_word' id='word_1_134' title='bbox 305 2933 354 2974; x_wconf 89' lang='lat' dir='ltr'><strong>me</strong></span> <span class='ocrx_word' id='word_1_135' title='bbox 368 2907 549 2975; x_wconf 83' lang='lat' dir='ltr'><strong>carminibus</strong></span> <span class='ocrx_word' id='word_1_136' title='bbox 564 2913 665 2975; x_wconf 89' lang='lat' dir='ltr'><strong>uincat</strong></span> <span class='ocrx_word' id='word_1_137' title='bbox 687 2933 743 2974; x_wconf 88' lang='lat' dir='ltr'><strong>nec</strong></span> <span class='ocrx_word' id='word_1_138' title='bbox 758 2915 905 2974; x_wconf 89' lang='lat' dir='ltr'><strong>Thracius</strong></span> <span class='ocrx_word' id='word_1_139' title='bbox 922 2915 1070 2991; x_wconf 86' lang='lat' dir='ltr'><strong>Orpheus,</strong></span> 
     </span>
     <span class='ocr_line' id='line_1_22' title="bbox 191 3011 1073 3090; baseline -0.001 -17.956"><span class='ocrx_word' id='word_1_140' title='bbox 191 3032 285 3073; x_wconf 87' lang='lat' dir='ltr'><strong>nec</strong></span> <span class='ocrx_word' id='word_1_141' title='bbox 307 3012 409 3087; x_wconf 90' lang='lat' dir='ltr'><strong>Linus,</strong></span> <span class='ocrx_word' id='word_1_142' title='bbox 431 3012 502 3073; x_wconf 92' lang='lat' dir='ltr'><strong>huic</strong></span> <span class='ocrx_word' id='word_1_143' title='bbox 524 3023 618 3074; x_wconf 91' lang='lat' dir='ltr'><strong>mater</strong></span> <span class='ocrx_word' id='word_1_144' title='bbox 639 3011 777 3090; x_wconf 89' lang='lat' dir='ltr'><strong>quamuis</strong></span> <span class='ocrx_word' id='word_1_145' title='bbox 796 3022 887 3090; x_wconf 92' lang='lat' dir='ltr'><strong>atque</strong></span> <span class='ocrx_word' id='word_1_146' title='bbox 904 3011 974 3072; x_wconf 91' lang='lat' dir='ltr'><strong>huic</strong></span> <span class='ocrx_word' id='word_1_147' title='bbox 988 3022 1073 3090; x_wconf 88' lang='lat' dir='ltr'><strong>pater</strong></span> 
     </span>
     <span class='ocr_line' id='line_1_23' title="bbox 290 3111 376 3185; baseline 0 -15"><span class='ocrx_word' id='word_1_148' title='bbox 290 3111 376 3185; x_wconf 84' lang='lat' dir='ltr'><strong>adsit,</strong></span> 
     </span>
    </p>

    <p class='ocr_par' dir='ltr' id='par_1_14' title="bbox 184 3182 911 3287">
     <span class='ocr_line' id='line_1_24' title="bbox 184 3182 911 3287; baseline -0.004 -15.795"><span class='ocrx_word' id='word_1_149' title='bbox 184 3207 342 3286; x_wconf 83' lang='lat' dir='ltr'><strong>Orphei</strong></span> <span class='ocrx_word' id='word_1_150' title='bbox 358 3207 520 3287; x_wconf 81' lang='lat' dir='ltr'><strong>Calliopea,</strong></span> <span class='ocrx_word' id='word_1_151' title='bbox 536 3207 614 3269; x_wconf 92' lang='lat' dir='ltr'><strong>Lino</strong></span> <span class='ocrx_word' id='word_1_152' title='bbox 628 3182 777 3269; x_wconf 85' lang='lat' dir='ltr'><strong>formosus</strong></span> <span class='ocrx_word' id='word_1_153' title='bbox 791 3209 911 3286; x_wconf 92' lang='lat' dir='ltr'><strong>Apollo.</strong></span> 
     </span>
    </p>

    <p class='ocr_par' dir='ltr' id='par_1_15' title="bbox 197 3305 952 3430">
     <span class='ocr_line' id='line_1_25' title="bbox 197 3305 952 3430; baseline 0.001 -65"><span class='ocrx_word' id='word_1_154' title='bbox 197 3324 214 3430; x_wconf 45' lang='lat' dir='ltr'>x</span> <span class='ocrx_word' id='word_1_155' title='bbox 230 3308 293 3366; x_wconf 88' lang='lat' dir='ltr'><strong>Pan</strong></span> <span class='ocrx_word' id='word_1_156' title='bbox 307 3305 407 3380; x_wconf 80' lang='lat' dir='ltr'><strong>etiam,</strong></span> <span class='ocrx_word' id='word_1_157' title='bbox 423 3307 551 3367; x_wconf 82' lang='lat' dir='ltr'><strong>Arcadia</strong></span> <span class='ocrx_word' id='word_1_158' title='bbox 566 3326 684 3368; x_wconf 86' lang='lat' dir='ltr'><strong>mecum</strong></span> <span class='ocrx_word' id='word_1_159' title='bbox 699 3327 724 3367; x_wconf 92' lang='lat' dir='ltr'><strong>s1</strong></span> <span class='ocrx_word' id='word_1_160' title='bbox 716 3306 837 3367; x_wconf 86' lang='lat' dir='ltr'><strong>iudice</strong></span> <span class='ocrx_word' id='word_1_161' title='bbox 851 3316 952 3381; x_wconf 84' lang='lat' dir='ltr'><strong>certet,</strong></span> 
     </span>
    </p>

    <p class='ocr_par' dir='ltr' id='par_1_16' title="bbox 229 3404 934 3474">
     <span class='ocr_line' id='line_1_26' title="bbox 229 3404 934 3474; baseline -0.001 -10"><span class='ocrx_word' id='word_1_162' title='bbox 229 3407 293 3465; x_wconf 90' lang='lat' dir='ltr'><strong>Pan</strong></span> <span class='ocrx_word' id='word_1_163' title='bbox 307 3406 397 3465; x_wconf 86' lang='lat' dir='ltr'><strong>etiam</strong></span> <span class='ocrx_word' id='word_1_164' title='bbox 412 3405 542 3466; x_wconf 86' lang='lat' dir='ltr'><strong>Arcadia</strong></span> <span class='ocrx_word' id='word_1_165' title='bbox 557 3404 638 3467; x_wconf 88' lang='lat' dir='ltr'><strong>dicat</strong></span> <span class='ocrx_word' id='word_1_166' title='bbox 652 3425 684 3469; x_wconf 88' lang='lat' dir='ltr'><strong>se</strong></span> <span class='ocrx_word' id='word_1_167' title='bbox 699 3405 797 3474; x_wconf 88' lang='lat' dir='ltr'><strong>iudice</strong></span> <span class='ocrx_word' id='word_1_168' title='bbox 811 3405 934 3465; x_wconf 86' lang='lat' dir='ltr'><strong>uictum.</strong></span> 
     </span>
    </p>
   </div>
   <div class='ocr_carea' id='block_1_6' title="bbox 0 0 1262 4088">
    <p class='ocr_par' dir='ltr' id='par_1_17' title="bbox 0 0 1262 4088">
     <span class='ocr_line' id='line_1_27' title="bbox 0 0 1262 4088; baseline 0 0"><span class='ocrx_word' id='word_1_169' title='bbox 0 0 1262 4088; x_wconf 95' lang='lat' dir='ltr'><strong> </strong></span> 
     </span>
    </p>
   </div>
  </div>
 </body>
</html>
