2514 4088
154 349 176 413 4
285 405 293 421 .
361 321 363 325 ’
444 345 649 462 ἸΕειοωι
671 346 711 394 rv

212 489 257 553 'At
271 491 326 555 tibi
339 493 443 571 prima,
458 471 541 571 puer,
557 494 641 554 nullo
655 469 833 554 munirscula
847 494 929 554 cultu

170 632 174 641 ·
215 603 346 653 errantes
360 593 487 654 hederas
500 590 612 670 passim
626 611 696 653 cum
710 592 836 654 baccare
849 593 937 654 tellus
1038 658 1041 664 ,

54 692 63 747 l·
157 688 194 750 ao
216 690 367 768 mixtaque
380 690 491 753 ridenti
505 689 655 753 colocasia
668 692 775 753 fundet
788 693 928 758 acantho.

216 790 304 865 Ipsae
317 791 394 850 lacte
404 780 535 851 domurn
550 791 677 851 referent
691 781 821 851 distebta
834 792 967 868 capellae

215 882 315 961 ubera,
331 907 388 948 nec
402 907 527 966 magnos
542 898 676 949 metuent
689 889 825 967 athrenta
837 890 949 950 leones.

76 1050 79 1055 ,
217 985 288 1063 Ipsa
300 984 355 1045 tibi
370 955 805 1046 brandosrdlldellilulilbula
818 987 906 1047 flores
917 1007 927 1061 ,·

68 1064 113 1139 fil.
130 1141 132 1146 ,
216 1081 335 1144 occidet
346 1083 379 1145 ‘et
394 1103 524 1161 serpens,
540 1094 570 1145 et
584 1084 671 1145 fallax
685 1083 778 1145 herba
792 1083 903 1145 ueneni

55 1164 77 1191 “”’
157 1200 172 1240 2
177 1197 192 1258 5
215 1180 354 1256 occidet;
374 1181 529 1273 Assyrium
543 1183 633 1261 uolgo
647 1194 786 1243 nascetur
795 1161 961 1244 limonium.

187 1930 198 1951 ,
213 1876 254 1934 At
268 1873 356 1936 simul
371 1842 497 1936 heroum
511 1876 615 1951 laudes
629 1885 660 1936 et
674 1877 752 1936 lacta
765 1873 896 1955 parentis

159 1952 203 2025 ἓ·
212 1970 272 2031 iam
286 1974 383 2050 legere
397 1982 427 2034 et
441 1963 519 2051 quae
534 1972 571 2034 sit
585 1973 695 2051 poteris
710 1990 891 2051 cognoscere
905 1970 1008 2046 uirtus,

188 2130 205 2145 v,
213 2069 298 2131 molli
311 2071 454 2147 paulatim
469 2073 611 2132 flauescet
625 2070 860 2155 campus-arista,

211 2155 392 2246 incdltisque
405 2170 516 2231 rubens
530 2168 675 2248 pendebit
689 2168 823 2230 sentibus
837 2157 905 2240 uua

151 2283 190 2342 30
211 2275 242 2325 et
256 2266 348 2327 durae
362 2286 491 2345 quercus
505 2267 659 2329 sudabunt
673 2259 793 2329 roscidi
807 2267 904 2327 mella.

212 2365 312 2424 Pauca
326 2374 427 2426 tamen
441 2366 587 2427 suberunt
600 2365 714 2443 priscae
728 2364 853 2442 uestigia
866 2361 987 2434 fraudis,

210 2477 288 2536 quae
322 2472 469 2540 temptare
501 2463 625 2523 Thetim
664 2462 786 2536 ratibus,
823 2481 900 2540 quae
936 2459 1056 2536 cingere

273 2558 366 2620 muris
437 2593 445 2607 ·
628 2595 673 2642 a,
948 2574 950 2578 ’

211 2654 332 2733 oppida,
348 2675 426 2734 quae
440 2657 563 2718 iubeant
577 2657 674 2718 telluri
688 2656 835 2718 infindere
849 2655 957 2715 sulcos.

210 2753 294 2814 Alter
327 2755 383 2816 erit
417 2766 482 2816 turn
516 2754 639 2834 Tiphys,
675 2766 706 2816 et
739 2754 831 2815 altera
859 2771 935 2830 quae
963 2751 1054 2812 uehat

271 2853 353 2930 Argo
453 2840 459 2850 ’

151 2961 188 3023 35
211 2947 344 3012 delectos
359 2952 483 3029 heroas;
504 2962 591 3013 erunt
605 2950 697 3012 etiarn
710 2951 804 3012 altera
816 2950 904 3022 bella,

207 3055 300 3124 atque
313 3048 421 3110 iterum
435 3052 475 3112 ad
489 3049 611 3111 Troiam
627 3069 752 3127 magnus
767 3049 900 3110 mittetur
910 3044 1043 3106 Achilles

766 3149 942 3312 bo*-
980 3273 982 3277 J
