2514 4088
144 341 167 405 4
276 398 284 414 ι
435 338 702 455 Ἰ1010111111
817 310 819 312 ’

203 482 248 545 'At
262 483 317 546 tibi
330 485 434 563 prima,
448 464 531 564 puer,
547 487 632 547 nullo
646 462 824 547 munuscula
838 487 920 547 cultu

160 624 164 633 ·
206 596 336 645 errantes
351 586 477 647 hederas
492 583 603 663 passim
617 604 687 647 cum
701 585 827 646 baccare
840 586 928 647 tellus
991 618 993 622 Α
1029 651 1032 658 .

12 712 24 725 -
44 682 53 739 ἐ
148 701 185 742 20
207 683 358 761 mixtaque
371 682 481 745 ridenti
496 682 646 745 colocasia
659 685 766 745 fundet
779 685 919 751 acantho.

207 782 295 858 Ipsae
308 783 385 843 lacte
395 773 526 843 domum
540 783 668 844 referent
682 774 812 843 distenta
824 784 958 860 capellae

205 875 306 954 ub'era,
321 899 378 940 nec
393 898 517 958 magnos
533 890 667 941 metuent
680 881 816 941 arlnenta
827 883 939 942 leones.

66 1042 70 1048 ⁵
208 977 279 1054 Ipsa
291 975 346 1038 tibi
361 947 796 1038 blandosfflffdeliibuiiiibula
808 979 896 1038 flores
908 999 917 1053 ;

64 1056 103 1129 :a
120 1133 123 1139 ,
207 1074 326 1136 occidet
337 1075 370 1136 ¹et
385 1095 514 1153 serpens,
530 1087 560 1137 et
574 1077 661 1137 fallax
675 1075 769 1137 herba
783 1075 893 1137 ueneni

46 1158 68 1183 “”’
148 1192 163 1231 2
167 1189 183 1250 5
206 1172 344 1249 occidet3
365 1173 520 1265 Assyrium
533 1176 624 1253 uolgo
638 1184 776 1236 nascetur
786 1153 952 1236 irmomum.

177 1922 188 1945 ,
203 1867 244 1927 At
258 1866 346 1928 simul
361 1868 487 1928 heroum
501 1867 605 1944 laudes
620 1878 650 1929 et
664 1868 742 1928 facta
755 1865 886 1947 parentis

150 1945 262 2023 biam
276 1966 373 2042 legere
387 1975 417 2027 et
432 1956 509 2044 quae
524 1965 561 2028 sit
576 1965 686 2043 poteris
700 1982 882 2044 cognoscere
896 1963 999 2039 uirtus,

117 2104 162 2121 ..-...
178 2122 188 2137 „
203 2061 288 2123 molli
301 2065 445 2139 paulatim
459 2066 601 2126 flauescet
615 2083 739 2143 campus
754 2062 850 2136 arista,
1034 2064 1039 2070 “

201 2147 382 2238 incriltisque
395 2163 506 2224 rubens
520 2161 665 2240 pendebit
680 2161 814 2223 sentibus
827 2150 896 2234 uua

142 2275 180 2333 30
201 2267 231 2317 et
245 2257 338 2320 durae
353 2278 480 2338 quercus
496 2260 649 2322 sudabunt
664 2252 783 2322 roscid‘a
797 2259 894 2320 mella.

202 2357 302 2417 Pauca
316 2368 417 2418 tamen
432 2358 577 2420 suberunt
590 2359 704 2436 priseae
719 2357 844 2435 uestigia
857 2354 977 2428 fraudis,

200 2469 278 2528 quae
312 2463 459 2532 temptare
492 2455 615 2516 Thetim
654 2455 776 2529 ratibus,
813 2474 890 2532 quae
927 2452 1046 2531 cingere

263 2550 356 2612 muris
427 2586 435 2600 ·
502 2544 504 2547 ’
618 2588 662 2634 a,

200 2646 322 2725 oppida,
338 2667 416 2726 quae
430 2649 553 2710 iubeant
567 2649 665 2711 telluri
678 2649 825 2711 infindere
839 2649 947 2708 sulcos.

200 2745 284 2805 Alter
317 2746 373 2808 erit
407 2758 471 2842 tum
506 2746 629 2826 Tiphys,
665 2758 696 2808 et
729 2749 822 2808 altera
849 2764 926 2824 quae
954 2745 1044 2806 uehat

261 2845 343 2921 Argo

140 2952 178 3015 35
200 2937 335 3002 delectos
349 2943 474 3020 heroas3
494 2953 581 3004 erunt
595 2942 687 3004 etiam
701 2944 794 3005 altera
807 2943 894 3015 bella,

196 3047 291 3116 atque
303 3039 411 3102 iterum
426 3042 465 3103 ad
479 3040 601 3104 Troiam
617 3061 743 3119 magnus
758 3041 890 3103 mittetur
900 3037 1034 3099 Achilles
1109 3130 1115 3145 „

756 3142 933 3305 lium:
970 3266 973 3272 .
