2514 4088
169 325 297 376 OTHER
324 326 518 376 FEATURES
545 325 594 375 OF
619 325 695 374 THE
722 324 876 374 GOLDEN
908 325 984 376 AGE
1019 322 1079 392 127

211 467 259 525 καὶ
272 466 355 546 βόας,
372 466 403 527 ἔκ
417 468 511 527 τὀίων
525 467 612 546 ἄρνας
625 466 716 549 άιγῶν
728 491 759 527 τε
774 466 920 546 χιμαίρας·

210 562 306 643 πηγάς
319 587 351 624 τε
364 562 445 643 ῥήξει
459 562 605 644 γλυκερὰς
620 563 735 622 λευκοῖο
749 560 907 642 γάλακτος·

211 656 333 734 πλήρεις
346 656 369 713 δ’
383 656 451 715 αὖτε
464 656 566 718 πόλεις
580 655 696 736 ἀγαθῶν
710 654 760 714 καὶ
772 655 868 718 πίονες
882 653 969 735 αἰγροί

212 748 337 808 ἔσσοντ’·
352 748 415 809 οὐδὲ
428 749 560 829 μάχαιρα
574 751 648 810 κατά
662 748 768 829 χθονός
781 748 844 809 οὐδὲ
858 747 1001 826 κυδοιμάς·

212 842 275 902 οὐδὲ
288 842 367 922 βαρὺ
380 842 565 923 στενάχουσα
578 843 756 902 σαλεύσεται
769 841 866 903 οὐκέτι
880 846 959 923 γαΐα·

213 938 246 1000 οὐ
258 939 392 1019 πόλεμος,
409 940 468 1001 οὐδ’
481 941 549 1001 αὖτε
564 942 638 1001 κατὰ
653 939 759 1020 χθονδς
773 938 884 1019 αὐχμὸς
898 934 937 999 ἔτ’
950 937 1041 1014 ἔσται,

200 1034 346 1114 ὀἷν-λιμὸς
360 1036 476 1114 καρπῶν
488 1060 520 1097 τε
535 1034 756 1114 κακορρέκτειρα
771 1034 896 1113 χάλαζα·

213 1130 296 1191 ἀλλὰ
307 1130 360 1208 μὲν
373 1129 470 1208 εἰρήνη
482 1129 599 1211 μεγάλη
614 1129 689 1189 κατὰ
702 1133 789 1209 γαῖαν
796 1121 929 1188 ἅπασαν·
971 1128 1059 1191 κ.τ.λ.

217 1283 240 1348 l.
260 1304 313 1350 22.
343 1284 447 1349 “Nec
464 1305 600 1369 magnos
617 1296 762 1351 metuent
776 1293 926 1348 armenta
943 1280 1080 1347 leones.''

173 1394 251 1460 The
281 1415 378 1462 same
412 1394 491 1461 idea
525 1395 555 1461 is
590 1394 750 1481 repeated
786 1395 821 1459 in
851 1394 922 1459 Ecl.
956 1414 990 1458 v.
1022 1394 1076 1458 60.

173 1508 289 1574 There
326 1508 357 1573 is
396 1529 442 1573 no
483 1509 628 1594 parallel
670 1508 706 1574 in
750 1506 898 1587 Hesi0d‚
939 1508 1004 1573 but
1043 1505 1078 1570 in

175 1619 292 1704 lsaiah
316 1619 363 1684 xl.
387 1620 409 1684 6
429 1641 480 1686 we
505 1622 597 1702 read,
625 1622 737 1687 “The
760 1620 845 1686 wolf
863 1619 954 1685 shall
977 1618 1079 1684 dwell

174 1700 544 1813 thithtlrelar‘h'bssand
563 1734 623 1800 the
642 1735 784 1821 leopard
804 1732 894 1800 shall
916 1732 962 1797 lie
976 1731 1079 1798 down

173 1843 258 1908 with
274 1843 333 1907 the
349 1842 420 1923 kid,
439 1845 509 1909 and
533 1844 592 1910 the
615 1844 686 1910 calf
703 1845 773 1916 and
793 1844 852 1909 the
867 1857 993 1931 young
1007 1842 1079 1909 lion

173 1955 244 2021 and
257 1955 316 2022 the
327 1955 456 2044 fatling
470 1957 642 2045 together,
657 1957 727 2024 and
743 1978 765 2022 a
780 1957 867 2022 little
881 1955 976 2022 child
989 1955 1080 2022 shall

174 2068 252 2133 lead
282 2068 390 2134 them.
426 2116 434 2134 .
470 2116 479 2135 .
514 2118 522 2134 .
555 2068 658 2157 They
688 2068 779 2135 shall
812 2078 874 2134 not
902 2067 985 2134 hurt
1018 2089 1082 2134 nor

173 2180 316 2267 destroy
339 2179 374 2244 in
402 2180 449 2245 all
477 2202 537 2268 my
560 2180 645 2268 holy
670 2179 889 2260 mountain,’'
912 2179 1028 2246 which
1051 2178 1081 2246 is

174 2291 296 2379 nearly
319 2291 534 2376 reproduced
558 2291 593 2356 in
618 2290 1035 2414 ἅνᾍρνὲβίῥίζγδγζχρη.

256 2461 305 2519 Ἐν
318 2460 367 2520 σοὶ
382 2460 405 2519 δ’
420 2458 539 2539 οἰκήσει,
555 2459 605 2519 σοὶ
619 2460 643 2518 δ’
654 2459 774 2518 ἔσσεται
789 2456 936 2518 ἀθάνατον
949 2457 1017 2534 φῶς·

255 2551 303 2632 ἠδὲ
318 2553 404 2613 λύκοι
419 2577 449 2612 τε
464 2552 512 2611 καὶ
527 2552 608 2632 ἄρνες
622 2552 652 2614 ἓν
666 2553 781 2632 οὔρεσιν
796 2552 896 2633 ἄμμιγ’
911 2551 1021 2611 ἔδονται

256 2646 371 2726 χόρτον,
386 2646 544 2725 παρδάλιές
557 2650 584 2708 τ’
598 2647 708 2723 ἐρίφοις
722 2647 780 2725 ἅμα
793 2645 1007 2724 βοσκήσονται·

256 2742 358 2819 ἄρκτοι
371 2741 428 2801 σὺν
440 2739 566 2820 μόσχοις
581 2740 697 2819 νομάδες
711 2739 956 2818 αὐλισθήσονπαι·

255 2832 439 2913 σαρκοβάρος
452 2858 484 2894 τε
498 2833 572 2894 λίαν
586 2835 713 2915 φάγεται
727 2835 837 2913 ἄχυρον
850 2832 929 2910 παρὰ
943 2831 1040 2912 φάτνῃ

255 2928 291 2991 ὡς
303 2928 387 3008 βοῦς·
402 2928 451 2988 καὶ
464 2928 562 2992 παῖδες
573 2928 656 3007 μάλα
671 2929 768 3008 νήπιοι
781 2927 812 2987 ἐν
825 2928 976 3005 δεσμοῖσιν

257 3023 386 3104 ἄξουσιν·
400 3025 494 3102 πηρὸν
509 3022 565 3103 γὰρ
580 3021 626 3082 ἐπὶ
641 3022 727 3102 χθονὶ
743 3022 818 3100 θήρα
831 3022 957 3100 ποιήσει·

255 3114 313 3176 σὺν
324 3116 470 3196 βρέφεσίν
483 3141 515 3177 τε
528 3115 678 3197 δράκοντες
692 3115 739 3193 ἅμ’
753 3114 860 3175 ἀσπίσι
873 3104 1071 3194 ποιμήσονται,

258 3208 328 3271 κούκ
343 3210 542 3291 άδικήσουσιν·
556 3210 621 3293 χεὶρ
636 3209 692 3292 γὰρ
708 3208 773 3269 θεοῦ
783 3209 881 3269 ἔσσετ’
895 3206 937 3268 ἐπ’
951 3206 1061 3272 άυτόος.

220 3383 245 3450 l.
279 3403 332 3469 24.
376 3381 540 3450 “Occidet
570 3395 603 3451 ct
631 3394 761 3469 serpens
793 3393 825 3449 ct
842 3382 959 3466 fallax
985 3381 1083 3448 herba
