2514 4088
506 335 652 387 ECLOGA
675 335 714 385 1v

33 562 50 577 ,.
9 411 183 599 ..ὃ
221 480 316 557 Hinc,
329 481 404 544 ubi
396 502 456 544 iam
471 484 590 591 firmate
601 481 699 544 uirum
714 491 743 543 te
758 481 860 543 fecerit
873 491 965 554 aetas,

22 578 26 587 “
79 598 192 675 χ,
220 582 308 642 cedet
322 591 352 642 et
366 580 431 660 ipse
445 581 518 641 mari
533 562 646 656 flector,
662 600 719 643 nec
733 579 854 641 nautica
866 578 956 658 pinus

34 662 86 784 ἢ]
195 665 349 740 mutabit
363 697 494 740 merces:
516 678 615 739 omnis
629 680 702 740 seret
716 677 820 740 omnia
832 679 928 739 tellus.

160 796 199 851 40
222 778 294 838 Non
307 787 417 838 rastros
431 777 561 856 patietur
574 778 693 850 humus,
708 796 771 837 non
785 775 875 861 uinea
889 777 1014 848 falcem;

220 875 361 937 robustus
375 895 497 955 quoque
511 874 571 936 iam
585 874 677 936 tauris
692 875 761 953 iuga
774 876 871 935 soluet
885 884 983 935 arator
991 894 1001 948 3

221 994 278 1036 nec
292 974 391 1036 uarios
405 975 500 1036 discet
514 974 634 1035 mentiri
647 976 716 1060 lane
729 976 854 1047 colores,

222 1072 287 1151 ipse
301 1072 355 1134 sed
369 1073 399 1132 in
415 1072 506 1151 pratis
520 1073 596 1134 aries
611 1072 671 1133 iam
685 1092 778 1133 suaue
793 1071 912 1132 rubenti

223 1169 343 1245 murice,
359 1171 419 1233 iam
433 1190 541 1232 croceo
555 1169 684 1232 mutabit
698 1171 809 1232 uellera
822 1172 905 1244 luto;

163 1286 201 1347 45
223 1279 331 1348 sponte
345 1289 399 1330 sua
413 1271 527 1348 sandyx
542 1279 699 1348 pascentes
713 1268 822 1330 uestiet
835 1287 937 1346 agnos.

226 1367 328 1428 ‘Talia
341 1368 454 1455 saecla'
469 1369 530 1430 suis
545 1367 683 1429 dixerunt
700 1367 839 1429 ‘currite’
853 1366 926 1427 fusis

223 1468 390 1528 concordes
404 1466 503 1528 stabili
518 1467 646 1528 satorum
662 1466 786 1535 numine
800 1467 918 1526 Parcae.

226 2124 396 2202 Aggredere
411 2142 429 2183 0
445 2141 577 2201 magnos,
593 2121 688 2183 aderit
702 2120 762 2182 iam
776 2131 905 2199 tempus,
920 2121 1059 2192 honores,

174 2220 213 2291 Ἰ,
225 2241 293 2283 cara
307 2223 400 2283 deum
414 2221 544 2294 suboles,
562 2239 704 2299 magnum
720 2220 802 2281 Iouis
817 2219 1044 2280 incrementum.

166 2340 205 2401 50
226 2321 337 2401 Aspice
351 2340 488 2382 conuexo
502 2332 658 2382 nutantem
673 2322 807 2398 pondere
821 2321 977 2392 mundum,

226 2431 379 2498 terrasque
419 2431 590 2497 tractusque
628 2418 717 2479 maris
754 2419 931 2494 caelumque
952 2435 1030 2494 >pre

287 2519 434 2592 fundum

227 2616 337 2694 aspice,
353 2625 480 2700 uenturo
493 2616 641 2675 laetantur
655 2623 688 2674 ut
702 2613 804 2674 omnis
819 2615 927 2674 saeclo.

229 2716 257 2777 O
273 2713 346 2774 mihi
361 2724 421 2775 tam
436 2701 544 2791 longae
559 2723 678 2773 maneat
691 2731 759 2791 pars
774 2712 879 2772 ultima
892 2710 973 2773 uitae

228 2812 348 2892 spiritus
362 2823 401 2887 et,
417 2824 564 2890 quantum
579 2821 624 2872 sat
638 2810 692 2872 erit
707 2821 758 2871 tua
772 2809 871 2872 dicere
885 2811 971 2883 sacta,

169 2928 205 2990 55
228 2931 290 2972 non
305 2929 354 2971 me
367 2902 549 2972 carminibus
564 2908 665 2970 uincat
686 2928 743 2968 nec
758 2909 905 2969 Thracius
922 2909 1070 2993 Orpheus,

191 3029 284 3071 nec
307 3009 409 3083 Linus,
431 3007 502 3069 huic
524 3019 618 3069 mater
639 3006 778 3085 quamuis
796 3017 887 3085 atque
904 3006 974 3068 huic
988 3016 1073 3084 pater

289 3107 376 3181 adsit,

184 3205 343 3284 Orphei
357 3203 520 3283 Calliopea,
537 3203 643 3265 Linof
641 3223 777 3264 ormosus
792 3205 911 3281 Apollo,

197 3322 215 3427 p
230 3306 294 3364 Pan
307 3302 406 3377 etiam,
423 3303 552 3363 Arcadia
566 3321 685 3364 mecum
700 3322 724 3364 s1
717 3301 838 3364 iudice
851 3311 952 3376 certet,

230 3404 293 3463 Pan
307 3403 397 3462 etiam
413 3401 543 3462 Arcadia
557 3400 638 3463 dicat
652 3421 684 3464 se
699 3401 797 3469 iudice
812 3400 934 3461 uictum.
